@Book{extR,
  author = 	 {John M. Chambers},
  title = 	 {Extending R},
  publisher = 	 {Chapman \& Hall},
  year = 	 2016}

